<?xml version="1.0" encoding="UTF-8"?>
<collection xmlns="http://www.loc.gov/MARC21/slim">
<!-- LAC from actual record -->
    <record>
        <leader>00466cam a22001455  4500</leader>
        <controlfield tag='001'>a6792210</controlfield>
        <controlfield tag='008'>070424s2004    xx            000 0 und u</controlfield>
        <datafield tag='245' ind1='1' ind2='0'>
            <subfield code='a'>Karabakh :</subfield>
            <subfield code='b'>dareverch.</subfield>
        </datafield>
        <datafield tag='999' ind1=' ' ind2=' '>
            <subfield code='a'>XX(6792210.1)</subfield>
            <subfield code='w'>LC</subfield>
            <subfield code='c'>1</subfield>
            <subfield code='i'>36105123571122</subfield>
            <subfield code='k'>LAC</subfield>
            <subfield code='l'>STACKS</subfield>
            <subfield code='m'>GREEN</subfield>
        </datafield>
    </record>