
<!-- LAC current location XX callnum -->
    <record>
        <leader>00988nas a2200193z  4500</leader>
        <controlfield tag="001">aLACcurrXX</controlfield>
        <controlfield tag="008">071214uuuuuuuuuxx uu |ss    u|    |||| d</controlfield>
        <datafield tag="245" ind1="1" ind2=" ">
            <subfield code="a">LAC in current location</subfield>
        </datafield>
        <datafield tag="999" ind1=" " ind2=" ">
            <subfield code="a">XX(6792210.1)</subfield>
            <subfield code="w">LC</subfield>
            <subfield code="i">1</subfield>
            <subfield code="k">LAC</subfield>
            <subfield code="l">STACKS</subfield>
            <subfield code="m">GREEN</subfield>
        </datafield>
    </record>